<record><leader>00000cas a22000007a 4500</leader><controlfield tag="001">11485725</controlfield><controlfield tag="008">841212u1877uuuunyuwr ne      0    0eng d</controlfield><datafield ind1=" " ind2=" " tag="010"><subfield code="a">sn 84035899 </subfield><subfield code="z">sn 92062155 </subfield></datafield><datafield ind1=" " ind2=" " tag="040"><subfield code="a">NYG</subfield><subfield code="b">eng</subfield><subfield code="c">NYG</subfield><subfield code="d">NYS</subfield><subfield code="d">OCL</subfield><subfield code="d">NYS</subfield><subfield code="d">OCLCQ</subfield></datafield><datafield ind1=" " ind2=" " tag="019"><subfield code="a">26784678</subfield></datafield><datafield ind1=" " ind2=" " tag="042"><subfield code="a">msc</subfield></datafield><datafield ind1="0" ind2="0" tag="245"><subfield code="a">Silver Creek local.</subfield></datafield><datafield ind1="3" ind2="0" tag="246"><subfield code="a">North Chautauqua news</subfield></datafield><datafield ind1=" " ind2=" " tag="260"><subfield code="a">Silver Creek, N.Y. :</subfield><subfield code="b">J.R. Spears</subfield></datafield><datafield ind1=" " ind2=" " tag="300"><subfield code="a">v. :</subfield><subfield code="b">ill. ;</subfield><subfield code="c">58 cm.</subfield></datafield><datafield ind1=" " ind2=" " tag="310"><subfield code="a">Weekly</subfield></datafield><datafield ind1="0" ind2=" " tag="362"><subfield code="a">Vol. 1, no. 1 (Aug. 10, 1877)-</subfield></datafield><datafield ind1=" " ind2=" " tag="500"><subfield code="a">Published simultaneously at Silver Creek and Forestville, N.Y., &lt;1885&gt;.</subfield></datafield><datafield ind1=" " ind2=" " tag="500"><subfield code="a">Published as North Chautauqua news, Dec. 26, 1884-Dec. 11, 1885.</subfield></datafield><datafield ind1=" " ind2=" " tag="500"><subfield code="a">Publishers: J.R. Spears, 1877- ; Spears and Brown, &lt;1881&gt;.</subfield></datafield><datafield ind1=" " ind2=" " tag="500"><subfield code="a">Published on Friday.</subfield></datafield><datafield ind1=" " ind2=" " tag="515"><subfield code="a">Aug. 7, 1885 is numbered: Vol. 8, no. 31; Aug. 14, 1885 is numbered: v. 9, no. 32 and continues as 9 to end of v.</subfield></datafield><datafield ind1=" " ind2=" " tag="515"><subfield code="a">Issue for Apr. 23, 1914 numbered: Vol. 1, no. 4.</subfield></datafield><datafield ind1=" " ind2="4" tag="651"><subfield code="a">Silver Creek (N.Y.)</subfield><subfield code="v">Newspapers.</subfield></datafield><datafield ind1=" " ind2="4" tag="651"><subfield code="a">Forestville (N.Y.)</subfield><subfield code="v">Newspapers.</subfield></datafield><datafield ind1=" " ind2="4" tag="651"><subfield code="a">Chautauqua County (N.Y.)</subfield><subfield code="v">Newspapers.</subfield></datafield><datafield ind1=" " ind2=" " tag="752"><subfield code="a">United States</subfield><subfield code="b">New York</subfield><subfield code="c">Chautauqua</subfield><subfield code="d">Silver Creek.</subfield></datafield><datafield ind1=" " ind2=" " tag="752"><subfield code="a">United States</subfield><subfield code="b">New York</subfield><subfield code="c">Chautauqua</subfield><subfield code="d">Forestville.</subfield></datafield><datafield ind1="1" ind2=" " tag="029"><subfield code="a">AU@</subfield><subfield code="b">000020618441</subfield></datafield></record>